% начало моих источников

@BOOK{solid,
	author = {Тепляков, С.В.},
	title = {Паттерны проектирования на платформе .NET},
	address = {Санкт-Петербург},
	publisher = {Издательство Питер},
	year = {2016},
	numpages = {320},
	language = {russian}
}

@book{restful,
	title={RESTful Web API Design with Node. js 10: Learn to create robust RESTful web services with Node. js, MongoDB, and Express. js},
	author={Bojinov, Valentin},
	year={2018},
	publisher={Packt Publishing Ltd},
	language={russian}
}

@book{js-json,
	title={JavaScript and JSON Essentials Second Edition},
	author={Bruno Dmello, Sai Srinivas Sriparasa},
	year={2018},
	numpages = {226},
	publisher={Packt Publishing Ltd},
	language={english}
}

@book{pure-js,
	title={JavaScript. Подробное руководство},
	author={Дэвид Флэнаган},
	year={2013},
	numpages = {1080},
	publisher={Символ-Плюс},
	language={russian}
}

@book{node-js,
	title={Node.js в действии},
	author={Кантелон Майк, Янг Алекс},
	year={2018},
	numpages = {428},
	publisher={Издательство Питер},
	language={russian}
}

@book{grpc,
	title={gRPC: запуск и эксплуатация облачных приложений. Go и Java для Docker и Kubernetes},
	author={Индрасири	Касун,	Курупу	Данеш},
	year={2021},
	publisher={Издательство Питер},
	numpages = {224},
	language={russian}
}

@article{magabc,
	title={Экономические возможности и угрозы развития блокчейн-технологий: магистерская диссертация по направлению подготовки: 38.04. 01-Экономика},
	author={Родионова, Наталия Андреевна},
	year={2019},
	publisher={Томск:[б. и.]},
	language={russian}
}

@article{perspectiveblockchain,
	title={Перспективы развития технологии блокчейн в России: конкурентные преимущества и барьеры},
	author={Цветкова, ЛА},
	journal={Экономика науки},
	volume={3},
	number={4},
	pages={275--296},
	year={2017},
	language={russian}
}

@article{tsexpressnodejs,
	title={Automatic testing and delivery in web development},
	author={Riihim{\"a}ki, Jukka},
	year={2019},
	language={russian}
}

@inproceedings{rabbitmq,
	title={Evaluation of highly available and fault-tolerant middleware clustered architectures using RabbitMQ},
	author={Rostanski, Maciej and Grochla, Krzysztof and Seman, Aleksander},
	booktitle={2014 federated conference on computer science and information systems},
	pages={879--884},
	year={2014},
	organization={IEEE},
	language={russian}
}

@book{ethereumsmarts2,
	title={Solidity Programming Essentials: A beginner's guide to build smart contracts for Ethereum and blockchain},
	author={Modi, Ritesh},
	year={2018},
	publisher={Packt Publishing Ltd},
	language={russian}
}

@book{ethereumsmarts,
	title={Mastering ethereum: building smart contracts and dapps},
	author={Antonopoulos, Andreas M and Wood, Gavin},
	year={2018},
	publisher={O'Reilly Media},
	language={russian}
}

@incollection{hyperledgercommon,
	title={The hyperledger project},
	author={Dhillon, Vikram and Metcalf, David and Hooper, Max},
	booktitle={Blockchain enabled applications},
	pages={139--149},
	year={2017},
	publisher={Springer},
	language={russian}
}

@article{sawtooth,
	title={Sawtooth: An Introduction},
	author={Olson, Kelly and Bowman, Mic and Mitchell, James and Amundson, Shawn and Middleton, Dan and Montgomery, Cian},
	journal={The Linux Foundation, Jan},
	year={2018},
	language={russian}
}

@inproceedings{businessblockchain,
	title={БЛОКЧЕИН ДЛЯ БИЗНЕСА},
	author={Ляшкова, Анна Викторовна and Поленок, Вячеслав Михайлович},
	booktitle={Инновационное развитие современной науки: проблемы, закономерности, перспективы},
	pages={97--99},
	year={2018},
	language={russian}
}

@article{blockchainlogistic,
	title={Применение Blockchain-технологии в логистике и управлении цепями поставок},
	author={Корниенко, Павел Александрович and Касаев, Борис Султанович},
	journal={Инновации и инвестиции},
	number={4},
	pages={164--169},
	year={2017},
	publisher={Инновации и инвестиции},
	language={russian}
}

@article{kmetcommerce,
	title={Последние тенденции развития рынка электронной коммерции Китая},
	author={Кметь, Е. Б.},
	journal={Проблемы теории и практики управления},
	number={9},
	pages={55--65},
	year={2010},
	publisher={Общество с ограниченной ответственностью" Ленанд"},
	language = {russian}
}

@article{kmetcommerce2,
	title={Электронная коммерция и экономика: учеб. пособ. с грифом УМО},
	author={Кметь, Е. Б.},
	journal={Владивосток: Издательство ВГУЭС},
	year={2009},
	language={russian}
}

@online{blockchainbanking,
	title={Blockchain всемогущий: чем он полезен для банков},
	author={Худорожков, Р.},
	journal={Bankir.ru},
	year={2015},
	medium={Электронный ресурс},
	url = {http://bankir.ru/publikacii/20151106/blockchain-vsemogushchiichem-on-polezendlya-bankov-10006885/},
	urldate = {20.04.2019},
	language = {russian}
}

@article{blockchaintrends,
	title={О текущих трендах в развитии технологии блокчейн},
	author={Корчагин, С.},
	journal={Свободная мысль},
	number={4},
	pages={31--38},
	year={2016},
	publisher={Политиздат},
	language={russian}
}

@article{blockchainonpractice,
	title={Технология Блокчейн и ее практическое применение},
	author={Мащенко, П. Л. and Пилипенко, М. О.},
	journal={Наука, техника и образование},
	number={2 (32)},
	year={2017},
	publisher={Олимп}
}

@inproceedings{tihonovdevops,
	title={Методология DEVOPS. Прикладные Экономические Аспекти},
	author={Тихонов, Е. С.},
	booktitle={В сборнике обобщены материалы конференции, которая проходила на базе Государственного университета телекоммуникаций в период с 17.11. 2015 по 20.11. 2015 года. В материалах освещаются актуальные вопросы создания и внедрения современной информационной инфраструктуры, как основы построения современного информационного общества.},
	pages={72},
	year={2015},
	url={http://www.dut.edu.ua/uploads/n_2205_50283608.pdf#page=72}
}

@article{bitcoindevelopersreference,
	title={Bitcoin developer reference},
	author={Okupski, Krzysztof},
	journal={Eindhoven},
	year={2014},
	language={russian}
}

@article{spinellisdevops,
	title={Don't install software by hand},
	author={Spinellis, Diomidis},
	journal={IEEE software},
	volume={29},
	number={4},
	pages={86--87},
	year={2012},
	publisher={IEEE},
	language={russian}
}

@book{cicdbook,
	title={Continuous Delivery: Reliable Software Releases through Build, Test, and Deployment Automation (Adobe Reader)},
	author={Humble, Jez and Farley, David},
	year={2010},
	publisher={Pearson Education},
	language={russian}
}

@article{hernantesdevopsmonitoring,
	title={IT infrastructure-monitoring tools},
	author={Hernantes, Josune and Gallardo, Gorka and Serrano, Nicolas},
	journal={IEEE Software},
	volume={32},
	number={4},
	pages={88--93},
	year={2015},
	publisher={IEEE},
	language={russian}
}

@inproceedings{virmanidevopscicd,
	title={Understanding DevOps \& bridging the gap from continuous integration to continuous delivery},
	author={Virmani, Manish},
	booktitle={Fifth International Conference on the Innovative Computing Technology (INTECH 2015)},
	pages={78--82},
	year={2015},
	organization={IEEE},
	language={russian}
}

@article{rudocker,
	title={СОВРЕМЕННЫЕ РЕШЕНИЯ ДЛЯ АВТОМАТИЗАЦИИ РАЗВЕРТЫВАНИЯ И УПРАВЛЕНИЯ ПРИЛОЖЕНИЯМИ},
	author={Куликова, ЕА and Грехов, МА},
	journal={ББК 72 И102},
	year={2017},
	language={russian}
}

@book{bookdocker,
	title={Using Docker: Developing and deploying software with containers},
	author={Mouat, Adrian},
	year={2015},
	publisher={O'Reilly Media, Inc.},
	language={russian}
}

@article{nakamotobitcoin,
	title={Bitcoin: A peer-to-peer electronic cash system},
	author={Nakamoto, Satoshi and others},
	year={2008},
	publisher={Working Paper},
	language={russian}
}

@article{galkincryptogateways,
	author = {Galkin, Roman and Staroletov, Sergey},
	year = {2018},
	month = {10},
	pages = {5},
	title = {Cryptocurrency Gateway Testing Technology},
	url={https://www.researchgate.net/publication/330009756_Cryptocurrency_Gateway_Testing_Technology},
	language={russian}
}

@article{galkintowards,
	author = {Galkin, Roman and Staroletov, Sergey},
	year = {2019},
	month = {4},
	pages = {13},
	title = {Towards Methods of Blockchain Applications Testing},
	url={https://www.researchgate.net/publication/332726571_Towards_Methods_of_Blockchain_Applications_Testing},
	language={russian}
}

@article{ethyellow,
	title={Ethereum: A secure decentralised generalised transaction ledger},
	author={Wood, Gavin},
	journal={Ethereum project yellow paper},
	volume={151},
	pages={1--32},
	year={2014},
	language={russian}
}
% конец моих источников

% ГОСТ Р 7.0.11-2011, Приложение Б, Книги
@BOOK{Sychev,
  author = {Сычёв, М. С.},
  title = {История Астраханского казачьего войска : учебное пособие},
  address = {Астрахань},
  publisher = {Волга},
  year = {2009},
  numpages = {231},
  language = {russian}
}

@BOOK{Sokolov,
  author = {Соколов, А. Н. and Сердобинцев, К. С.},
  editor = {Бочарова, В. М.},
  address = {Астрахань},
  publisher = {Калиниградский ЮИ МВД России},
  title = {Гражданское общество: проблемы формирования и развития (философский и юридический аспекты) : монография},
  year = {2009},
  numpages = {218},
  language = {russian}
}

@BOOK{Gaidaenko,
  author = {Гайдаенко, Т. А.},
  title = {Маркетинговое управление: принципы управленческих решений и российская практика},
  edition = {3-е изд, перераб. и доп.},
  address = {М.},
  publisher = {Эксмо: МИРБИС},
  year = {2008},
  numpages = {508},
  language = {russian}
}

@BOOK{Lermontov,
  author = {Лермонтов, Михаил Юрьевич},
  title = {Собрание сочинений: в 4 т.},
  address = {М.},
  publisher = {Терра-Кн. клуб},
  year = {2009},
  note = {4 т.},
  language = {russian}
}

@BOOK{Management,
  title = {Управление бизнесом : сборник статей},
  address = {Нижний новгород},
  publisher = {Изд-во Нижегородского университета},
  year = {2009},
  numpages = {243},
  language = {russian}
}

@BOOK{Borozda,
  author = {Борозда, И. В. and Воронин, Н. И. and Бушманов, А. В.},
  title = {Лечение сочетанных повреждений таза},
  address = {Владивосток},
  publisher = {Дальнаука},
  year = {2009},
  numpages = {195},
  language = {russian}
}

@BOOK{Marketing,
  author = {Михненков, О. В. and Коготкова, И. З. and Генкин, Е. В. and Сороко, Г. Я.},
  title = {Маркетинговые исследования в строительстве : учебное пособие для студентов специальности «Менеджмент организаций»},
  address = {М.},
  publisher = {Государственный университет управления},
  year = {2005},
  numpages = {59},
  language = {russian}
}

% ГОСТ Р 7.0.11-2011, Приложение Б, Нормативные правовые акты
@BOOK{Constitution,
  title = {Конституция Российской Федерации : офиц. текст.},
  address = {М.},
  publisher = {Маркетинг},
  year = {2001},
  numpages = {39},
  language = {russian}
}

@BOOK{FamilyCode,
  title = {Семейный кодекс Российской Федерации : [федер. закон: принят Гос. Думой 8 дек. 1995~г. : по состоянию на 3~янв. 2001~г.]},
  address = {СПб.},
  publisher = {Стаун-кантри},
  year = {2001},
  numpages = {94},
  language = {russian}
}

% ГОСТ Р 7.0.11-2011, Приложение Б, Стандарты
@BOOK{Gost.7.0.53,
  title = {ГОСТ Р 7.0.53-2007 Система стандартов по информации, библиотечному и издательскому делу. Издания. Международный стандартный книжный номер. Использование и издательское оформление.},
  address = {М.},
  publisher = {Стандартинформ},
  year = {2007},
  numpages = {5},
  language = {russian}
}

% ГОСТ Р 7.0.11-2011, Приложение Б, Депонированные научные работы
@BOOK{Razumovski,
  author = {Разумовский, В. А. and Андреев, Д. А.},
  title = {Управление маркетинговыми исследованиями в регионе},
  address = {М.},
  year = {2002},
  numpages = {210},
  note = {Деп. в ИНИОН Рос. акад. наук 15.02.02, № 139876},
  language = {russian}
}

% ГОСТ Р 7.0.11-2011, Приложение Б, Диссертации
@BOOK{Lagkueva,
  author = {Лагкуева, Ирина Владимировна},
  title = {Особенности регулирования труда творческих работников театров : дис. ... канд. юрид. наук : 12.00.05},
  address = {М.},
  year = {2009},
  numpages = {168},
  language = {russian}
}

@BOOK{Pokrovski,
  author = {Покровский, Андрей Владимирович},
  title = {Устранимые особенности решений эллиптических уравнений : дис. ... д-ра физ.-мат. наук : 01.01.01},
  address = {М.},
  year = {2008},
  numpages = {178},
  language = {russian}
}

% ГОСТ Р 7.0.11-2011, Приложение Б, Авторефераты диссертаций
@BOOK{Sirotko,
  author = {Сиротко, Владимир Викторович},
  title = {Медико-социальные аспекты городского травматизма в современных условиях : автореф. дис. ... канд. мед. наук : 14.00.33},
  address = {М.},
  year = {2006},
  numpages = {26},
  language = {russian}
}

% !!! этот пример НЕ работает с bibtex
% Тот же пример, с использованием https://www.ctan.org/pkg/biblatex-gost
@THESIS{Sirotko2,
  author =       {Сиротко, Владимир Викторович},
  title =        {Медико-социальные аспекты городского травматизма в современных условиях},
  media =        {text},
  type =         {phdautoref},
  science =      {мед. наук},
  specialitycode ={14.00.33},
  address =      {М.},
  year =         {2006},
  pagetotal =    {26},
  language =     {russian},
}

@BOOK{Lukina,
  author = {Лукина, Валентина Александровна},
  title = {Творческая история «Записок охотника» И. С. Тургенева : автореф. дис. ... канд. филол. наук : 10.01.01},
  address = {СПб.},
  year = {2006},
  numpages = {26},
  language = {russian}
}

% !!! этот пример НЕ работает с bibtex
% Тот же пример, с использованием https://www.ctan.org/pkg/biblatex-gost
@THESIS{Lukina2,
  author =       {Лукина, Валентина Александровна},
  title =        {Творческая история «Записок охотника» И. С. Тургенева},
  media =        {text},
  type =         {phdautoref},
  science =      {филол. наук},
  specialitycode ={10.01.01},
  address =      {СПб.},
  year =         {2006},
  pagetotal =    {26},
  language =     {russian},
}

% ГОСТ Р 7.0.11-2011, Приложение Б, Отчёты о научно-исследовательской работе
@BOOK{Methodology,
  author = {Загорюев, А. Л.},
  title = {Методология и методы изучения военно-профессиональной направленности подростков : отчёт о НИР},
  address = {Екатеринбург},
  institution = {Уральский институт практической психологии},
  year = {2008},
  numpages = {102},
  language = {russian}
}

% ГОСТ Р 7.0.11-2011, Приложение Б, Электронные ресурсы
@BOOK{Encyclopedia,
  title = {Художественная энциклопедия зарубежного классического искусства [Электронный ресурс]},
  address = {М.},
  publisher = {Большая Рос. энкцикл.},
  year = {1996},
  note = {1 электрон. опт. диск (CD-ROM)},
  language = {russian}
}

% !!! этот пример НЕ работает с bibtex
% Тот же пример, с использованием https://www.ctan.org/pkg/biblatex-gost
@BOOK{Encyclopedia2,
  title = {Художественная энциклопедия зарубежного классического искусства},
  address = {М.},
  media = {eresource},
  publisher = {Большая Рос. энкцикл.},
  year = {1996},
  note = {1 электрон. опт. диск (CD-ROM)},
  language = {russian},
}

@ARTICLE{Nasirova,
  author = {Насырова, Г. А.},
  title = {Модели государственного регулирования страховой деятельности [Электронный ресурс]},
  journal = {Вестник Финансовой академии},
  year = {2003},
  media = {eresource},
  number = {4},
  note = {Режим доступа: http://vestnik.fa.ru/4(28)2003/4.html},
  language = {russian}
}

% ГОСТ Р 7.0.11-2011, Приложение Б, Статьи

@ARTICLE{Berestova,
  author = {Берестова, Т. Ф.},
  title = {Поисковые инструмены библиотеки},
  journal = {Библиография},
  year = {2006},
  number = {4},
  pages = {19},
  language = {russian}
}

@ARTICLE{Kriger,
  author = {Кригер, И.},
  title =  {Бумага терпит},
  journal = {Новая газета},
  year = {2009},
  note = {1 июля},
  language = {russian}
}


% Examples from https://verbosus.com/bibtex-style-examples.html
@ARTICLE{Article,
  author   = {Peter Adams},
  title    = {The title of the work},
  journal  = {The name of the journal},
  year     = {1993},
  number   = {2},
  pages    = {201-213},
  month    = {7},
  note     = {An optional note},
  volume   = {4},
  language = {english}
}

@BOOK{Book,
  author    = {Peter Babington},
  title     = {The title of the work},
  publisher = {The name of the publisher},
  year      = {1993},
  volume    = {4},
  series    = {10},
  address   = {The address},
  edition   = {3},
  month     = {7},
  note      = {An optional note},
  isbn      = {3257227892},
  language  = {english}
}

@BOOKLET{Booklet,
  title        = {The title of the work},
  author       = {Peter Caxton},
  howpublished = {How it was published},
  address      = {The address of the publisher},
  month        = {7},
  year         = {1993},
  note         = {An optional note},
  language     = {english}
}

@CONFERENCE{Conference,
  author       = {Peter Draper},
  title        = {The title of the work},
  booktitle    = {The title of the book},
  year         = {1993},
  editor       = {The editor},
  volume       = {4},
  series       = {5},
  pages        = {213},
  address      = {The address of the publisher},
  month        = {7},
  organization = {The organization},
  publisher    = {The publisher},
  note         = {An optional note},
  language     = {english}
}

@INBOOK{Inbook,
  author       = {Peter Eston},
  title        = {The title of the work},
  booktitle    = {Book title},
  chapter      = {8},
  pages        = {201-213},
  publisher    = {The name of the publisher},
  year         = {1993},
  volume       = {4},
  series       = {5},
  address      = {The address of the publisher},
  edition      = {3},
  month        = {7},
  note         = {An optional note},
  language     = {english}
}

@INCOLLECTION{Incollection,
  author       = {Peter Farindon},
  title        = {The title of the work},
  booktitle    = {The title of the book},
  publisher    = {The name of the publisher},
  year         = {1993},
  editor       = {The editor},
  volume       = {4},
  series       = {5},
  chapter      = {8},
  pages        = {201-213},
  address      = {The address of the publisher},
  edition      = {3},
  month        = {7},
  note         = {An optional note},
  language     = {english}
}

@MANUAL{Manual,
  title        = {The title of the work},
  author       = {Peter Gainsford},
  organization = {The organization},
  address      = {The address of the publisher},
  edition      = {3},
  month        = {7},
  year         = {1993},
  note         = {An optional note},
  language     = {english}
}

@MASTERSTHESIS{Mastersthesis,
  author       = {Peter Harwood},
  title        = {The title of the work},
  school       = {The school where the thesis was written},
  year         = {1993},
  address      = {The address of the publisher},
  month        = {7},
  note         = {An optional note},
  language     = {english}
}

@MISC{Misc,
  author       = {Peter Isley},
  title        = {The title of the work},
  howpublished = {How it was published},
  month        = {7},
  year         = {1993},
  note         = {An optional note},
  language     = {english}
}

@PHDTHESIS{Phdthesis,
  author       = {Peter Joslin},
  title        = {The title of the work},
  school       = {The school where the thesis was written},
  year         = {1993},
  address      = {The address of the publisher},
  month        = {7},
  note         = {An optional note},
  language     = {english}
}

@PROCEEDINGS{Proceedings,
  title        = {The title of the work},
  year         = {1993},
  editor       = {Peter Kidwelly},
  volume       = {4},
  series       = {5},
  address      = {The address of the publisher},
  month        = {7},
  organization = {The organization},
  publisher    = {The name of the publisher},
  note         = {An optional note},
  language     = {english}
}

@TECHREPORT{Techreport,
  author       = {Peter Lambert},
  title        = {The title of the work},
  institution  = {The institution that published},
  year         = {1993},
  number       = {2},
  address      = {The address of the publisher},
  month        = {7},
  note         = {An optional note},
  language     = {english}
}

@UNPUBLISHED{Unpublished,
  author       = {Peter Marcheford},
  title        = {The title of the work},
  note         = {An optional note},
  month        = {7},
  year         = {1993},
  language     = {english}
}

%%% Реальные примеры

% Инициалы должны быть записаны после запятой, с точками, через пробел
% http://www.kit-e.ru/articles/elcomp/2006_12_124.php
% Подчёркивания в ссылке приходится экранировать
% http://www.kit-e.ru/articles/elcomp/2006\_12\_124.php
@online{medvedev2006jelektronnye,
  title={Электронные компоненты и монтажные подложки},
  author={Медведев, А. М.},
  journal={Компоненты и технологии},
  number={12},
  pages={124--134},
  year={2006},
  medium={Электронный ресурс},
  url = {http://www.kit-e.ru/articles/elcomp/2006\_12\_124.php},
  urldate = {19.01.2015},
  language = {russian}
}

% Real example
% & в названии журнала надо экранировать
% 10.1002/1521-4125(200007)23:7<581::AID-CEAT581>3.0.CO;2-P
% < > в ссылке приходится экранировать %3C и %3E, а потом ещё знаки процента в них экранировать
% 10.1002/1521-4125(200007)23:7%3C581::AID-CEAT581%3E3.0.CO;2-P
% 10.1002/1521-4125(200007)23:7\%3C581::AID-CEAT581\%3E3.0.CO;2-P
% url не нужен. если запись о бумажной публикации
@article {CEAT:CEAT581,
  author = {Deiters, U. K.},
  title = {A Modular Program System for the Calculation of Thermodynamic Properties of Fluids},
  journal = {Chemical Engineering \& Technology},
  volume = {23},
  number = {7},
  publisher = {WILEY-VCH Verlag},
  issn = {1521-4125},
  doi = {10.1002/1521-4125(200007)23:7<581::AID-CEAT581>3.0.CO;2-P},
  pages = {581--584},
  year = {2000},
  language = {english}
}

% Real with  4 authors
@article{doi:10.1080/01932691.2010.513279,
  author = {Young-Sang Cho and Young Kuk Kim and Kook Chae Chung and Chul Jin Choi },
  title = {Deformation of Colloidal Crystals for Photonic Band Gap Tuning},
  journal = {Journal of Dispersion Science and Technology},
  volume = {32},
  number = {10},
  pages = {1408-1415},
  year = {2011},
  doi = {10.1080/01932691.2010.513279},
  language = {english}
}

% doi with (), author with umlaut or other unicode or specific symbols, 9 authors
% latex don't like Gösele1999161 in ref
% Умляуты в авторах понимаются из-за поддержки в юникодной странице pdflatex и xelatex
% Иллюстрация того, что будет. если на английской записи будут поставлена пометка, что язык русский
@article{Gosele1999161,
  title = "Wafer bonding for microsystems technologies ",
  journal = "Sensors and Actuators A: Physical ",
  volume = "74",
  number = "1–3",
  pages = "161 - 168",
  year = "1999",
  issn = "0924-4247",
  doi = "10.1016/S0924-4247(98)00310-0",
  author = "Gösele, U. and Tong, Q.-Y. and Schumacher, A. and Kräuter, G. and Reiche, M. and Plößl, A. and Kopperschmidt, P. and Lee, T.-H. and Kim, W.-J.",
  keywords = "Wafer bonding",
  keywords = "Fusion bonding",
  keywords = "Pressure sensors",
  keywords = "Interface reactions",
  keywords = "Hydrophilic bonding",
  keywords = "Hydrophobic bonding",
  language = {russian}
}

% Real example (from Google or Springer)
% unmodified styles don't know %language = {English}
% язык писать с маленьких
% иллюстрация incollection
% 10.1007/0-387-32989-7_45
% Подчёркивания в DOI приходится экранировать
% 10.1007/0-387-32989-7\_45
@incollection{Li2007StressAnalysis,
  year={2007},
  isbn={978-0-387-27974-9},
  booktitle={Micro- and Opto-Electronic Materials and Structures: Physics, Mechanics, Design, Reliability, Packaging},
  editor={Suhir, E. and Lee, Y. C. and Wong, C. P.},
  doi={10.1007/0-387-32989-7_45},
  title={Stress Analysis for Processed Silicon Wafers and Packaged Micro-devices},
  publisher={Springer US},
  author={Li, Li and Guo, Yifan and Zheng, Dawei},
  pages={B677-B709},
  language={english}
}

% Real, β sign
% inputenc don't know β sign %aluminosilicate-β-quartz
% Знаки типа β, которые не знает таблица кодировки, с которой работает компилятор нужно заменять на latex команды
% doi должен быть без http://dx.doi.org/
@article{Shoji199895,
title = "Low-temperature anodic bonding using lithium aluminosilicate-$\beta$-quartz glass ceramic",
journal = "Sensors and Actuators A: Physical",
volume = "64",
number = "1",
pages = "95 - 100",
year = "1998",
note = "Tenth {IEEE} International Workshop on Micro Electro Mechanical Systems ",
issn = "0924-4247",
doi = "10.1016/S0924-4247(97)01659-2",
author = {Shuichi Shoji and Hiroto Kikuchi and Hirotaka Torigoe},
keywords = "Anodic bonding",
keywords = "Low-temperature bonding",
keywords = "Micro assembly",
keywords = "Micro package",
keywords = "Glass ceramic",
}


% from urlbst package
% Example from Jason Eisner, by mail (nothing special about the entry,
% but he seemed to be having formatting problems with unsrturl and proceedings
% entries.
% http://cs.jhu.edu/~jason/papers/#icassp07
@InProceedings{test:eisner-sample,
  author =       {Damianos Karakos and Sanjeev Khudanpur and Jason
                  Eisner and Carey~E. Priebe},
  title =        {Iterative denoising using {J}ensen-{R}enyi
                  divergences with an application to unsupervised
                  document categorization},
  booktitle =    {Proceedings of ICASSP},
  year =         2007,
  url =          {http://cs.jhu.edu/~jason/papers/\#icassp07}
}

@InProceedings{test:eisner-sample-shorted,
  author =       {Damianos Karakos and Sanjeev Khudanpur and Jason
                  Eisner and Carey~E. Priebe},
  title =        {Iterative denoising using {J}ensen-{R}enyi
                  divergences with an application to unsupervised
                  document categorization},
  booktitle =    {Proceedings of ICASSP},
  shortbooktitle = {Proc. of ICASSP},
  year =         2007,
  url =          {http://cs.jhu.edu/~jason/papers/\#icassp07}
}

% Попытка записать патент имеющимися средствами
@Book{iofis_patent1960,
  title                    = {Способ пайки керамики с~керамикой и~стекла с~металлом : а.\,с.~126728 СССР},
  author                   = {Иофис, Н. А.},
  year                     = {1960},
  numpages                 = {Бюл. № 5.~1},
  language                 = {russian}
}

% Попытка записать патент имеющимися средствами
@Book{AB_patent_Pomerantz_1968,
  title                    = {Anodic bonding : patent no. 3397278 US},
  author                   = {Pomerantz, D. I.},
  year                     = {1968},
  language                 = {english}
}

% !!! этот пример НЕ работает с bibtex
% Примеры оформления патентов из пакета https://www.ctan.org/pkg/biblatex-gost
@Patent{patent2h,
  heading =      {Заявка 1095735 Рос. федерация, МПК\ensuremath{^7} B 64 G 1/00},
  author =       {Тернер, Э. В.},
  authortype =   {США},
  title =        {Одноразовая ракета-носитель},
  media =        {text},
  holder =       {{заявитель Спейс Системз/Лорал, инк.}},
  credits =      {патент. поверенный Егорова Г. Б.},
  reqnumber =    {2000108705/28},
  date =         {2000-04-07},
  publdate =     {2001-03-10},
  publication =  {Бюл. № 7 (I ч.)\midsentence},
  prdate =       {1999-04-09},
  prnumber =     {09/289, 037},
  prcountry =    {countryus},
  pagetotal =    {5 с.~: ил.},
  language =     {russian},
}

@Patent{patent3h,
  heading =      {А. с. 1007970 СССР, МКИ\ensuremath{^3} В 25.1 15/00},
  author =       {В. С. Ваулин and В. Г. Кемайкин},
  authortype =   {СССР},
  title =        {Устройство для захвата неориентированных деталей типа валов},
  media =        {text},
  reqnumber =    {3360585/25-08},
  date =         {1981-11-23},
  publication =  {Бюл. № 12},
  publdate =     {1983-03-30},
  pagetotal =    {2 с.~: ил.},
  language =     {russian},
}

@Patent{patent2,
  author =       {Тернер, Э. В.},
  authortype =   {США},
  title =        {Одноразовая ракета-носитель},
  media =        {text},
  type =         {patreq},
  number =       1095735,
  location =     {countryru},
  ipc =          {МПК\ensuremath{^7} B 64 G 1/00},
  holder =       {{заявитель Спейс Системз/Лорал, инк.}},
  credits =      {патент. поверенный Егорова Г. Б.},
  reqnumber =    {2000108705/28},
  date =         {2000-04-07},
  publdate =     {2001-03-10},
  publication =  {Бюл. № 7 (I ч.)\midsentence},
  prioritydate = {1999-04-09},
  prioritynumber ={09/289, 037},
  prioritycountry ={countryus},
  pagetotal =    {5 с.~: ил.},
  language =     {russian},
}
